@misc{probdef_australia, title={'It isn't Mad Max': women charged after fight over toilet paper in Sydney}, url={https://www.theguardian.com/australia-news/2020/mar/07/it-isnt-mad-max-police-warning-after-shoppers-brawl-over-toilet-paper-in-sydney}, journal={The Guardian}, publisher={Guardian News and Media}, year={2020}, month={Mar}} 

@misc{probdef_california, title={Deputies: 8 arrested in California for price-gouging toilet paper, hand sanitizer}, url={https://www.fox10phoenix.com/news/deputies-8-arrested-in-california-for-price-gouging-toilet-paper-hand-sanitizer}, journal={FOX 10 Phoenix}, publisher={FOX 10 Phoenix}, year={2020}, month={Mar}} 

@misc{kaufman_2009, title={Mr. Whipple Left It Out: Soft Is Rough on Forests}, url={https://www.nytimes.com/2009/02/26/science/earth/26charmin.html}, journal={The New York Times}, publisher={The New York Times}, author={Kaufman, Leslie}, year={2009}, month={Feb}} 

@misc{probdef_census, title={U.S. Census Bureau QuickFacts: United States}, url={https://www.census.gov/quickfacts/fact/table/US/HSD310218#HSD310218}, journal={Census Bureau QuickFacts}, publisher={United States Census Bureau}} 

@misc{mcgrew_tpdisp, title={Electric Toilet Paper Dispenser}, author={Mcgrew, Elwood F}, year={U.S. Patent 3 297 269A, Jan 1967}}

@misc{kclark_disp, title={Electrical roll product dispenser}, author={Kimberly Clark Worldwide Inc.}, year={U.S. Patent 6 820 785B2, Dec 2001}}

@Book{rest_api_rulebook,
author = {Mark H. Mass√©},
editor = {Simon St. Laurent},
title = {REST API Design Rulebook},
publisher = {O'Reilly},
year = {2012}
}

@Article{raspberry_pi_iot,
author = {Chea Zhao, Jayanand Jegatheesan, and Son Loon},
title = {Exploring IOT Application Using Raspberry Pi},
journal = {International Journal of Computer Networks and Applications},
year = {2015}
}

